<record><leader>00000cas a2200000 a 4500</leader><controlfield tag="001">8379407</controlfield><controlfield tag="007">hd afv---baca</controlfield><controlfield tag="008">820429d18221829dcuwr nea     0    0eng d</controlfield><datafield ind1=" " ind2=" " tag="010"><subfield code="a">sf 88093616 </subfield></datafield><datafield ind1=" " ind2=" " tag="040"><subfield code="a">MUU</subfield><subfield code="b">eng</subfield><subfield code="c">MUU</subfield><subfield code="d">PES</subfield><subfield code="d">DLC</subfield><subfield code="d">FUG</subfield><subfield code="d">OCL</subfield><subfield code="d">OCLCQ</subfield><subfield code="d">CRU</subfield><subfield code="d">DLC</subfield><subfield code="d">OCLCF</subfield><subfield code="d">OCLCO</subfield><subfield code="d">OCLCQ</subfield></datafield><datafield ind1=" " ind2=" " tag="042"><subfield code="a">msc</subfield></datafield><datafield ind1=" " ind2=" " tag="043"><subfield code="a">n-us-dc</subfield></datafield><datafield ind1="0" ind2="0" tag="050"><subfield code="a">Microfilm 01104 no.95-96, 1271 AP</subfield></datafield><datafield ind1="1" ind2="4" tag="050"><subfield code="a">AP2</subfield><subfield code="b">.A1 APSII reel 95-96, etc.</subfield></datafield><datafield ind1="0" ind2="4" tag="082"><subfield code="a">051</subfield><subfield code="b">A51p2</subfield></datafield><datafield ind1="0" ind2="4" tag="245"><subfield code="a">The Columbian star.</subfield></datafield><datafield ind1=" " ind2=" " tag="260"><subfield code="a">Washington City :</subfield><subfield code="b">Anderson &amp; Meehan,</subfield><subfield code="c">1822-1829.</subfield></datafield><datafield ind1=" " ind2=" " tag="300"><subfield code="a">8 volumes ;</subfield><subfield code="c">52 cm</subfield></datafield><datafield ind1=" " ind2=" " tag="310"><subfield code="a">Weekly</subfield></datafield><datafield ind1=" " ind2=" " tag="336"><subfield code="a">text</subfield><subfield code="b">txt</subfield><subfield code="2">rdacontent</subfield></datafield><datafield ind1=" " ind2=" " tag="337"><subfield code="a">microform</subfield><subfield code="b">h</subfield><subfield code="2">rdamedia</subfield></datafield><datafield ind1=" " ind2=" " tag="338"><subfield code="a">microfilm reel</subfield><subfield code="b">hd</subfield><subfield code="2">rdacarrier</subfield></datafield><datafield ind1="0" ind2=" " tag="362"><subfield code="a">Vol. 1, no. 1 (Feb. 2, 1822)-v. 8, no. 18 (May 2, 1829).</subfield></datafield><datafield ind1=" " ind2=" " tag="500"><subfield code="a">Vol. 4, no. 47 is lacking. Vol. 5: several pages are tightly bound and creased. Issue 31, pages 121-22 are torn with some loss of text. Issues 13-30, 33-39, and 41 to end of volume are missing; not available for photographing. Vols. 6-8: complete volumes are not available for photographing. The microfilm edition contains issues 17, 21, and 22 of volume 6 and issues 16 and 18 of volume 8. Vol. 7 is not available for photographing.</subfield></datafield><datafield ind1=" " ind2=" " tag="500"><subfield code="a">This religious weekly contained sections for theology and religion, and for literary and political news. There were summaries of domestic and foreign affairs, Congressional proceedings, and weather information in addition to news of missionary efforts, both at home and abroad, reports of Bible societies, and poetry. Much of the material was selected. Cf. American periodicals, 1741-1900.</subfield></datafield><datafield ind1=" " ind2=" " tag="500"><subfield code="a">Title from caption.</subfield></datafield><datafield ind1=" " ind2=" " tag="550"><subfield code="a">Vols. for 1823-&lt;June 9, 1827&gt; issued by the Baptist General Convention (called, 1823-1824, General Convention of the Baptist Denomination in the United States).</subfield></datafield><datafield ind1=" " ind2=" " tag="533"><subfield code="a">Microfilm.</subfield><subfield code="b">Ann Arbor, Mich. :</subfield><subfield code="c">Xerox University Microfilms,</subfield><subfield code="d">1949, 1972.</subfield><subfield code="e">3 microfilm reels ; 35 mm.</subfield><subfield code="f">(American periodical series, 1800-1825, American periodical series, 1800-1850 ; 95-96, 1271).</subfield></datafield><datafield ind1=" " ind2="0" tag="650"><subfield code="a">Baptists</subfield><subfield code="z">Washington (D.C.)</subfield><subfield code="v">Newspapers.</subfield></datafield><datafield ind1=" " ind2="0" tag="651"><subfield code="a">Washington (D.C.)</subfield><subfield code="v">Newspapers.</subfield></datafield><datafield ind1=" " ind2="7" tag="650"><subfield code="a">Baptists.</subfield><subfield code="2">fast</subfield><subfield code="0">(OCoLC)fst00827285</subfield></datafield><datafield ind1=" " ind2="7" tag="651"><subfield code="a">Washington (D.C.)</subfield><subfield code="2">fast</subfield><subfield code="0">(OCoLC)fst01204505</subfield></datafield><datafield ind1=" " ind2="7" tag="655"><subfield code="a">Newspapers.</subfield><subfield code="2">fast</subfield><subfield code="0">(OCoLC)fst01423814</subfield></datafield><datafield ind1="2" ind2=" " tag="710"><subfield code="a">Baptist General Convention.</subfield></datafield><datafield ind1="2" ind2=" " tag="710"><subfield code="a">Baptist General Convention for Foreign Missions (U.S.)</subfield></datafield><datafield ind1=" " ind2=" " tag="752"><subfield code="a">United States</subfield><subfield code="b">District of Columbia</subfield><subfield code="d">Washington.</subfield></datafield><datafield ind1="1" ind2=" " tag="776"><subfield code="c">Original</subfield><subfield code="t">Columbian star (Washington, D.C.)</subfield><subfield code="x">2158-6357</subfield><subfield code="w">(DLC)   56053851</subfield><subfield code="w">(OCoLC)1564271</subfield></datafield><datafield ind1="0" ind2="0" tag="785"><subfield code="t">Columbian star, and Christian index</subfield><subfield code="w">(DLC)sf 88092061</subfield><subfield code="w">(OCoLC)6734038</subfield></datafield><datafield ind1=" " ind2="0" tag="830"><subfield code="a">American periodical series, 1800-1850 ;</subfield><subfield code="v">95-96, 1271.</subfield></datafield><datafield ind1="1" ind2=" " tag="029"><subfield code="a">AU@</subfield><subfield code="b">000020128652</subfield></datafield></record>